@ARTICLE{a1,
author={J. Donahue and L. A. Hendricks and M. Rohrbach and S. Venugopalan and S. Guadarrama and K. Saenko and T. Darrell},
journal={IEEE Transactions on Pattern Analysis and Machine Intelligence},
title={Long-Term Recurrent Convolutional Networks for Visual Recognition and Description},
year={2017},
volume={39},
number={4},
pages={677-691},
keywords={backpropagation;computer vision;image sequences;neural net architecture;object recognition;recurrent neural nets;long-term recurrent convolutional networks;visual recognition;visual description;recurrent convolutional architectures;large-scale visual understanding tasks;activity recognition;image captioning;video description;compositional representation learning;long-term dependency Learning;network state updates;differentiable recurrent models;variable-length input mapping;variable-length output mapping;complex temporal dynamics;backpropagation;recurrent sequence models;visual convolutional network models;temporal dynamic learning;convolutional perceptual representations;Visualization;Computational modeling;Computer architecture;Data models;Logic gates;Predictive models;Recurrent neural networks;Computer vision;convolutional nets;deep learning;transfer learning},
doi={10.1109/TPAMI.2016.2599174},
ISSN={0162-8828},
month={April},}

@INPROCEEDINGS{a2,
author={I. Laptev and M. Marszalek and C. Schmid and B. Rozenfeld},
booktitle={2008 IEEE Conference on Computer Vision and Pattern Recognition},
title={Learning realistic human actions from movies},
year={2008},
volume={},
number={},
pages={1-8},
keywords={cinematography;image classification;image retrieval;learning (artificial intelligence);support vector machines;video signal processing;video realistic human action recognition;movie script;automatic video annotation;human action retrieval;text-based classifier;visual learning;video action classification;local space-time feature;space-time pyramid;multichannel nonlinear SVM;Humans;Motion pictures;Image recognition;Video sharing;Layout;Text categorization;Object recognition;Robustness;Clothing;Cameras},
doi={10.1109/CVPR.2008.4587756},
ISSN={1063-6919},
month={June},}

@INPROCEEDINGS{a3,
author={H. Wang and C. Schmid},
booktitle={2013 IEEE International Conference on Computer Vision},
title={Action Recognition with Improved Trajectories},
year={2013},
volume={},
number={},
pages={3551-3558},
keywords={cameras;image matching;image representation;image sequences;motion estimation;video signal processing;MBH;HOF;motion-based descriptors;human detector;human motion;RANSAC;dense optical flow;SURF descriptors;feature point matching;camera motion estimation;action recognition;video representation;dense trajectory;Trajectory;Cameras;Optical imaging;Adaptive optics;Vectors;Detectors;Feature extraction},
doi={10.1109/ICCV.2013.441},
ISSN={1550-5499},
month={Dec},}

@INPROCEEDINGS{a4,
author={Joe Yue-Hei Ng and M. Hausknecht and S. Vijayanarasimhan and O. Vinyals and R. Monga and G. Toderici},
booktitle={2015 IEEE Conference on Computer Vision and Pattern Recognition (CVPR)},
title={Beyond short snippets: Deep networks for video classification},
year={2015},
volume={},
number={},
pages={4694-4702},
keywords={image classification;image recognition;image segmentation;image sequences;neural nets;object detection;video signal processing;video classification;short snippets;convolutional neural networks;CNN;image recognition problems;deep neural network architectures;image information;full length videos;convolutional temporal feature pooling architectures;long short-term memory cells;LSTM;UCF-101 datasets;sports 1 million dataset;optical flow information;Optical imaging;Computer architecture;Logic gates;Training;Time-domain analysis;Neural networks;Image recognition},
doi={10.1109/CVPR.2015.7299101},
ISSN={1063-6919},
month={June},}

@inproceedings{a5,
  title={ActivityNet: A Large-Scale Video Benchmark for Human Activity Understanding},
  author={Fabian Caba Heilbron, Victor Escorcia, Bernard Ghanem and Juan Carlos Niebles},
  booktitle={Proceedings of the IEEE Conference on Computer Vision and Pattern Recognition},
  pages={961--970},
  year={2015}
}

@article{a6,
  author    = {Karen Simonyan and
               Andrew Zisserman},
  title     = {Very Deep Convolutional Networks for Large-Scale Image Recognition},
  journal   = {CoRR},
  volume    = {abs/1409.1556},
  year      = {2014},
  url       = {http://arxiv.org/abs/1409.1556},
  archivePrefix = {arXiv},
  eprint    = {1409.1556},
  timestamp = {Mon, 13 Aug 2018 16:46:51 +0200},
  biburl    = {https://dblp.org/rec/bib/journals/corr/SimonyanZ14a},
  bibsource = {dblp computer science bibliography, https://dblp.org}
}

@inproceedings{a7,
  author    = {Christian Szegedy and
               Vincent Vanhoucke and
               Sergey Ioffe and
               Jonathon Shlens and
               Zbigniew Wojna},
  title     = {Rethinking the Inception Architecture for Computer Vision},
  booktitle = {2016 {IEEE} Conference on Computer Vision and Pattern Recognition,
               {CVPR} 2016, Las Vegas, NV, USA, June 27-30, 2016},
  pages     = {2818--2826},
  year      = {2016},
  crossref  = {DBLP:conf/cvpr/2016},
  url       = {https://doi.org/10.1109/CVPR.2016.308},
  doi       = {10.1109/CVPR.2016.308},
  timestamp = {Thu, 25 May 2017 01:00:00 +0200},
  biburl    = {https://dblp.org/rec/bib/conf/cvpr/SzegedyVISW16},
  bibsource = {dblp computer science bibliography, https://dblp.org}
}

@article{a8,
  author    = {Kaiming He and
               Georgia Gkioxari and
               Piotr Doll{\'{a}}r and
               Ross B. Girshick},
  title     = {Mask {R-CNN}},
  journal   = {CoRR},
  volume    = {abs/1703.06870},
  year      = {2017},
  url       = {http://arxiv.org/abs/1703.06870},
  archivePrefix = {arXiv},
  eprint    = {1703.06870},
  timestamp = {Mon, 13 Aug 2018 16:46:36 +0200},
  biburl    = {https://dblp.org/rec/bib/journals/corr/HeGDG17},
  bibsource = {dblp computer science bibliography, https://dblp.org}
}

@article{a9,
  author    = {Diederik P. Kingma and
               Jimmy Ba},
  title     = {Adam: {A} Method for Stochastic Optimization},
  journal   = {CoRR},
  volume    = {abs/1412.6980},
  year      = {2014},
  url       = {http://arxiv.org/abs/1412.6980},
  archivePrefix = {arXiv},
  eprint    = {1412.6980},
  timestamp = {Mon, 13 Aug 2018 16:47:35 +0200},
  biburl    = {https://dblp.org/rec/bib/journals/corr/KingmaB14},
  bibsource = {dblp computer science bibliography, https://dblp.org}
}
