@article{article,
author = {Hochreiter, Sepp},
year = {1991},
month = {04},
pages = {},
title = {Untersuchungen zu dynamischen neuronalen Netzen}
}