






@article{doi:10.1080/01621459.1963.10500845,
author = { Joe H.   Ward   Jr. },
title = {Hierarchical Grouping to Optimize an Objective Function},
journal = {Journal of the American Statistical Association},
volume = {58},
number = {301},
pages = {236-244},
year  = {1963},
publisher = {Taylor & Francis},
doi = {10.1080/01621459.1963.10500845},

URL = { 
        https://amstat.tandfonline.com/doi/abs/10.1080/01621459.1963.10500845
    
},
eprint = { 
        https://amstat.tandfonline.com/doi/pdf/10.1080/01621459.1963.10500845
    
}

}


